1909 2657
996 286 1058 334 1⁰

341 470 404 503 ris
429 481 521 503 eum
556 479 719 501 corona
749 467 989 512 amplexum
1014 468 1204 501 amicam.
1255 463 1370 499 Aulul.
1394 463 1541 508 'Al-gum.
1566 461 1602 496 2.
1631 462 1707 495 d'e-

340 541 501 574 fossam
533 540 680 574 multis
706 553 795 574 eum
825 541 988 585 opibus
1013 542 1155 575 aulam
1184 539 1368 574 invenit.
1416 537 1531 577 Aulul.
1556 536 1587 577 Ι,
1613 535 1645 575 1,
1672 535 1703 568 1.

342 607 769 653 Circumspeetatrix
801 623 890 645 eum
923 612 1065 646 oeulis
1097 609 1348 644 emissiciis.
1399 608 1500 641 Cure.
1526 607 1556 648 1,
1588 607 1623 647 3,
1647 606 1703 640 35.

341 679 430 710 tnn’
455 677 584 711 etiam
608 689 697 710 cum
721 680 953 713 noctuinis
976 681 1119 714 oeulis
1143 680 1296 714 odium
1319 689 1381 711 me
1400 676 1553 710 vocas?
1599 676 1647 716 11,
1671 675 1706 716 3,

341 745 398 779 33
424 747 624 792 aqualem
650 761 739 783 eum
764 763 885 797 aqua.
933 752 1011 786 Cas.
1037 753 1128 799 prol.
1157 751 1213 785 34.
1239 750 1378 785 latine
1406 748 1587 782 Plautus
1620 759 1706 781 eum

340 822 529 856 latranti
568 826 750 859 nomine·
798 826 865 867 111,
887 828 924 868 2,
944 828 1001 861 26.
1027 839 1186 861 meeum
1216 822 1480 869 postulatio.
1531 820 1615 853 Cist.
1640 820 1706 859 lv,

339 889 375 931 2,
397 890 455 924 43.
482 891 703 924 cistellam
729 904 814 925 cum
842 894 1114 938 crepundiis.
1149 874 1255 928 Mos't.
1274 892 1328 932 Π,
1351 890 1387 930 2,
1410 887 1469 922 82.
1494 898 1581 931 pax
1605 883 1705 918 mihi

342 966 405 994 est
445 974 533 995 eum
568 962 758 1006 msortuis.
815 963 1027 997 Menaeehm.
1066 964 1112 1004 V,
1145 963 1185 1003 2,
1223 963 1278 996 15.
1310 962 1448 996 eredo
1485 972 1575 993 eum
1613 959 1704 991 viro

341 1031 531 1078 litigium
558 1033 825 1071 natum,esse
850 1033 1046 1078 aliquod.
1094 1032 1141 1072 V,
1164 1032 1199 1072 7,
1223 1031 1279 1065 53.
1306 1033 1369 1066 ait
1392 1044 1439 1065 se
1462 1029 1567 1064 mihi
1592 1027 1704 1060 nlla·

342 1108 479 1136 turum
504 1115 592 1137 eum
616 1109 803 1150 argento
821 1103 1091 1147 marsupium.
1128 1103 1207 1137 Mil.
1235 1103 1332 1137 Glor.
1357 1103 1388 1143 Ι,
1413 1102 1451 1142 1,
1477 1100 1532 1134 16.
1558 1111 1704 1144 nempe

340 1170 465 1203 illum
501 1171 612 1204 dicis
647 1184 741 1217 erum
776 1173 906 1207 armis
944 1171 1103 1205 aureis.
1150 1171 1276 1205 Pseud.
1302 1173 1335 1214 1,
1361 1173 1396 1215 2,
1428 1174 1484 1208 25.
1519 1179 1581 1214 te,
1616 1184 1705 1207 eum

341 1244 505 1284 securi,
542 1241 763 1276 caudieali
795 1242 1012 1286 praeficio
1041 1243 1319 1287 provinciae.
1356 1242 1477 1290 'Poem
1500 1242 1565 1283 IV,
1588 1242 1623 1283 2,
1646 1241 1703 1276 30.

340 1318 454 1352 haud
479 1317 617 1350 amice
645 1316 778 1355 sacis,
812 1317 998 1361 quicum
1022 1314 1158 1351 onere
1188 1318 1360 1351 offeras
1385 1329 1551 1353 moram.
1601 1317 1646 1358 V,
1665 1316 1705 1357 15,

343 1387 389 1420 19
429 1386 524 1431 quis
554 1385 622 1418 hie
651 1384 772 1417 homo
802 1389 871 1418 est
901 1398 994 1419 eum
1024 1387 1188 1420 tunicis
1214 1385 1393 1431 longis?
1440 1385 1582 1421 Terent.
1616 1386 1703 1433 Eun.

341 1457 390 1498 11,
413 1456 449 1498 3,
473 1457 529 1491 54.
555 1458 783 1501 parasitus
821 1471 913 1493 eum
944 1460 1118 1495 ancilla.
1168 1459 1281 1492 Plaut.
1307 1459 1423 1492 Aulul.
1448 1459 1498 1500 11,
1520 1459 1556 1500 2,
1579 1459 1636 1494 38.
1663 1466 1702 1494 te

343 1537 482 1570 civem
515 1536 613 1569 sine
642 1535 755 1569 mala
778 1535 890 1568 omni
921 1535 1095 1569 malitia
1123 1546 1302 1579 semper
1332 1540 1420 1567 sum
1450 1532 1702 1567 arbitratus.

343 1604 623 1646 Trin.11,4,.83.
645 1618 777 1640 coena
800 1608 878 1641 hae
902 1618 1071 1640 annona
1094 1610 1162 1639 est
1185 1606 1283 1639 sine
1304 1606 1449 1639 saeris
1472 1605 1703 1641 hereditas.

343 1680 441 1724 Capt.
467 1680 535 1721 lv,
567 1681 607 1721 1,
639 1681 674 1716 8.
711 1682 808 1716 sine
840 1683 985 1716 saeris
1018 1681 1317 1715 hereditatem.
1374 1681 1481 1717 Poen.
1508 1681 1553 1722 V,
1583 1681 1619 1722 3,
1646 1681 1704 1715 27.

341 1754 481 1788 clarus
507 1754 668 1789 elamor
691 1755 783 1789 sine
807 1755 944 1790 modo.
980 1755 1081 1800 capt.
1102 1755 1169 1795 111,
1195 1755 1228 1794 1,
1255 1753 1308 1787 12.
1335 1755 1465 1788 verba
1485 1756 1579 1789 sine
1598 1768 1704 1801 penu

343 1829 384 1856 et
407 1825 600 1868 pecunia.

481 1962 579 2004 Quae
603 1965 719 1994 notata
742 1961 852 1994 habeo
877 1961 921 1994 de
944 1961 1200 2004 praepositione
1232 1962 1305 2001 de,
1341 1961 1435 1994 haee·
1451 1964 1542 1993 sunt.
1591 1958 1701 1992 Plant.

342 2032 576 2076 Amph.11,2,
590 2031 668 2066 169.
687 2033 766 2065 iam
789 2030 904 2064 illud
928 2040 1008 2063 non
1031 2030 1185 2074 placet
1208 2030 1482 2074 principium
1507 2029 1558 2062 de
1583 2039 1705 2061 oseu-

341 2105 394 2138 lo.
432 2103 546 2139 Aulul.
570 2102 662 2146 prol.
687 2100 743 2135 31.
765 2101 836 2136 hic
860 2112 994 2135 senex
1018 2099 1068 2133 de
1089 2099 1317 2143 proxim'03
1339 2099 1487 2144 itemque
1511 2097 1561 2140 ΙΙ,
1585 2097 1618 2139 1,
1641 2097 1699 2131 49.
