1909 2657
988 282 1060 348 '12

343 476 537 509 siccitas
561 481 607 509 ut
629 477 688 510 sit
712 476 808 511 tibi.
847 478 989 514 Trueul.
1014 479 1074 520 lV,
1096 479 1132 519 4,
1156 478 1213 513 23.
1240 491 1259 512 a
1283 480 1434 514 milite
1458 482 1599 515 omnis
1624 485 1712 516 tum

341 551 445 584 mihi
467 538 570 593 spes
595 550 777 584 animum
803 552 1044 587 efflaverit.
1079 553 1220 587 Terent.
1245 530 1358 588 Amlr.
1383 554 1409 594 Ι,
1432 554 1465 594 1,
1492 553 1570 588 129.
1597 554 1711 587 iniu-

341 624 406 655 ria
432 623 479 655 ah
504 623 601 656 illo.
652 624 702 664 ΙΙΙ,
738 625 770 665 1,
804 625 836 659 3.
872 626 921 660 ab
954 626 1123 660 Andria
1156 627 1337 661 aneilla.
1394 627 1440 661 Et
1471 640 1548 662 eum
1576 620 1726 663 nomine*

342 695 512 729 adit-clivo
537 694 648 726 Plaut.
677 693 815 728 Cureul.
841 694 865 734 Ι,
888 695 921 735 1,
946 696 1003 729 41.
1030 701 1116 729 tam
1139 708 1159 728 a
1182 708 1242 729 me
1270 695 1435 739 pudiea
1470 701 1556 737 est,
1587 698 1711 743 quasi

342 780 472 803 soror
494 779 583 801 mea
607 766 673 799 sit.
722 765 829 798 Poen.
855 766 944 810 prol.
971 765 1026 800 65.
1053 767 1157 800 olim
1183 756 1409 801 alsclitiv3us
1435 779 1454 800 a
1477 770 1616 811 patre.

418 933 422 936 Δ
482 893 594 926 Porro
620 903 673 924 ex
697 901 799 934 saepe
831 890 958 936 legitur
982 902 1000 923 e
1024 891 1162 924 nomine
1186 892 1395 927 substantivo
1420 898 1545 938 aptum.
1594 894 1706 928 plaut,

342 972 440 1004 Asin.
466 970 491 1009 l,
523 969 556 1007 1,
581 967 639 1002 38.
671 969 807 1001 istam
839 967 1123 1001 meretricem
1157 978 1175 998 e
1207 967 1415 1009 proximo
1447 967 1707 1008 Philenium.

342 1045 456 1078 Casin-
484 1043 591 1077 Grex.
619 1042 738 1075 Haec
762 1040 887 1074 Casina
906 1041 1032 1075 huius
1056 1022 1316 1085 reperietur
1338 1044 1437 1077 filia
1461 1056 1555 1078 esse
1581 1055 1709 1088 apro-

343 1123 479 1145 xumo.
529 1111 622 1144 Men.
648 1111 694 1153 V,
718 1111 753 1151 2,
782 1110 841 1146 39.
867 1117 979 1148 amat
1003 1112 1109 1145 hane
1129 1113 1400 1149 meretricem
1426 1126 1474 1147 ex
1496 1115 1707 1158 proximo.

341 1187 441 1229 capt.
466 1185 504 1224 ΙΙ,
528 1185 562 1224 2,
587 1184 643 1218 97.
670 1184 741 1228 qui
766 1184 903 1228 magis
927 1184 989 1216 sit
1012 1195 1165 1217 servus
1187 1196 1237 1216 ex
1260 1184 1488 1217 sententia.
1537 1183 1708 1223 lll,2‚10.

340 1256 645 1290 Philocratem
671 1268 721 1289 ex
744 1255 890 1289 Alide.
927 1245 1053 1289 Baech.
1077 1254 1136 1295 lv,
1158 1255 1193 1295 4,
1220 1254 1251 1288 1.
1272 1255 1379 1289 huie
1403 1255 1544 1288 decet
1567 1236 1722 1290 statu-¹

342 1331 567 1371 arn-statui
592 1342 641 1363 ex
665 1341 782 1363 auro.
830 1329 941 1362 Mero.
967 1327 993 1367 l,
1016 1326 1051 1366 2,
1076 1325 1133 1359 28.
1163 1327 1354 1360 resinam
1384 1340 1435 1375 ομ
1464 1329 1592 1362 melle
1624 1328 1709 1362 Ae-

340 1401 539 1446 gyptiam
564 1405 732 1434 vox-ato.
792 1398 933 1431 Terent.
955 1395 1047 1446 Eun.
1073 1394 1132 1434 lv,
1154 1394 1191 1434 4,
1217 1394 1261 1427 17
1299 1395 1474 1430 exjure
1497 1394 1707 1428 hesterno

339 1480 488 1512 panem
513 1473 653 1506 atrum
678 1474 839 1502 vorent.
878 1467 991 1500 Plaut.
1016 1464 1126 1497 Mere.
1152 1462 1189 1502 ΙΙ,
1217 1460 1249 1501 1,
1274 1459 1329 1494 33.
1353 1465 1481 1506 atque
1504 1473 1583 1507 ego
1605 1474 1706 1495 con-

341 1544 494 1585 spicor
517 1551 665 1574 navem
693 1550 742 1571 ex
764 1537 932 1570 Rhodo.
982 1536 1108 1568 Pseud.
1134 1535 1159 1574 Ι,
1181 1533 1216 1574 2,
1240 1533 1296 1566 59.
1322 1543 1474 1577 meque
1506 1536 1551 1565 ut
1580 1543 1707 1575 prae-

341 1617 460 1649 dicet
482 1614 640 1646 lenone
664 1622 714 1643 ex
735 1608 941 1642 Ballione
964 1618 1108 1652 regem
1133 1606 1349 1646 Jasonem.
1389 1604 1562 1643 Poemlll,
1589 1603 1621 1642 1,
1645 1600 1703 1634 51.

338 1691 462 1733 isque
488 1698 530 1719 se
553 1689 598 1717 ut
623 1679 907 1714 assimularet
930 1676 1219 1720 peregrinum
1248 1687 1322 1708 esse
1348 1674 1525 1708 aliunde
1544 1684 1594 1705 ex
1615 1671 1707 1705 alio

340 1755 523 1799 oppido.
575 1753 683 1786 Stich.
709 1751 747 1791 ll,
770 1749 806 1790 2,
833 1749 888 1783 19.
915 1748 1114 1793 donaque
1139 1760 1190 1781 ex
1221 1759 1333 1782 auro.
1383 1748 1524 1782 Trueul.
1549 1749 1587 1789 ΙΙ,
1601 1747 1634 1789 6,
1648 1747 1704 1782 30.

340 1830 446 1874 quid
483 1829 559 1861 i-tli
598 1840 650 1861 ex
685 1831 814 1859 utero
852 1824 998 1857 exitio
1036 1821 1125 1854 est?
1184 1821 1325 1854 Terent.
1348 1821 1435 1853 Eun.
1463 1820 1487 1861 Ι,
1515 1821 1549 1861 2,
1572 1822 1707 1856 85..ex

339 1882 588 1944 Aethiopia
614 1900 883 1934 ancillulam.
921 1897 1128 1932 Adiieienda
1145 1893 1516 1932 etiam<i112nridentu13v
1535 1892 1572 1925 in
1585 1892 1706 1944 quilius

338 1985 460 2006 nomen
488 1984 556 2005 non
598 1973 843 2006 substantivum
867 1978 939 2013 est,
969 1971 1031 2005 sed
1060 1969 1275 2005 adieetivum.
1321 1967 1432 2001 Plaut.
1471 1966 1597 2010 Amph.
1622 1965 1647 2005 l,
1671 1965 1706 2006 2,

339 2046 397 2080 31.
422 2047 720 2080 Iaera-mantem
750 2055 799 2079 ex
824 2045 943 2078 abitu
968 2047 1210 2079 concinnas
1226 2050 1276 2078 *tu
1300 2049 1408 2077 tuam
1435 2053 1630 2076 uxorem.
1678 2042 1705 2082 Ι,

342 2119 374 2156 1,
402 2115 482 2151 173.
517 2116 660 2149 lassus
687 2127 768 2151 sum
796 2127 814 2149 e
845 2116 953 2153 navi.
1003 2115 1028 2156 Ι,
1056 2115 1090 2156 2,
1124 2115 1180 2153 43.
1216 2127 1263 2149 ex
1299 2127 1438 2150 amore
1485 2114 1554 2147 hic
1585 2124 1704 2160 quam
